@article{Heller:1978,
 author = {H. Craig Heller and Larry I. Crawshaw and Harold T. Hammel},
 journal = {Scientific American},
 number = {2},
 pages = {102--115},
 publisher = {Scientific American, a division of Nature America, Inc.},
 title = {The Thermostat of Vertebrate Animals},
 volume = {239},
 year = {1978}
}

