@article{Syrmos:1997,
  title = "Static output feedback—A survey",
  journal = "Automatica",
  volume = "33",
  number = "2",
  pages = "125 - 137",
  year = "1997",
  issn = "0005-1098",
  doi = "https://doi.org/10.1016/S0005-1098(96)00141-0",
  url = "http://www.sciencedirect.com/science/article/pii/S0005109896001410",
  author = "V.L. Syrmos and C.T. Abdallah and P. Dorato and K. Grigoriadis"
}

@article{Eren:2017,
  author = {Eren, Utku and Prach, Anna and Koçer, Başaran Bahadır and Raković, Saša V. and Kayacan, Erdal and Açıkmeşe, Behçet},
  title = {Model Predictive Control in Aerospace Systems: Current State and Opportunities},
  journal = {Journal of Guidance, Control, and Dynamics},
  volume = {40},
  number = {7},
  pages = {1541-1566},
  year = {2017},
  doi = {10.2514/1.G002507},
}

@Article{Goerzen:2009,
  author="Goerzen, C.
  and Kong, Z.
  and Mettler, B.",
  title="A Survey of Motion Planning Algorithms from the Perspective of Autonomous UAV Guidance",
  journal="Journal of Intelligent and Robotic Systems",
  year="2009",
  month="Nov",
  day="17",
  volume="57",
  number="1",
  pages="65"
}

@article{Wang:2015, 
  author={L. {Wang} and J. {Su}}, 
  journal={IEEE Transactions on Control Systems Technology}, 
  title={Robust Disturbance Rejection Control for Attitude Tracking of an Aircraft}, 
  year={2015}, 
  volume={23}, 
  number={6}, 
  pages={2361-2368}, 
  doi={10.1109/TCST.2015.2398811}, 
  ISSN={1063-6536}, 
  month={Nov},}

@article{Gonzalez:2016, 
  author={D. {González} and J. {Pérez} and V. {Milanés} and F. {Nashashibi}}, 
  journal={IEEE Transactions on Intelligent Transportation Systems}, 
  title={A Review of Motion Planning Techniques for Automated Vehicles}, 
  year={2016}, 
  volume={17}, 
  number={4}, 
  pages={1135-1145}, 
  doi={10.1109/TITS.2015.2498841}, 
  ISSN={1524-9050}, 
  month={April},}

@ARTICLE{Falcone:2007, 
  author={P. {Falcone} and F. {Borrelli} and J. {Asgari} and H. E. {Tseng} and D. {Hrovat}}, 
  journal={IEEE Transactions on Control Systems Technology}, 
  title={Predictive Active Steering Control for Autonomous Vehicle Systems}, 
  year={2007}, 
  volume={15}, 
  number={3}, 
  pages={566-580}, 
  doi={10.1109/TCST.2007.894653}, 
  ISSN={1063-6536}, 
  month={May},}

@ARTICLE{Cairano:2014, 
  author={S. D. {Cairano} and D. {Bernardini} and A. {Bemporad} and I. V. {Kolmanovsky}}, 
  journal={IEEE Transactions on Control Systems Technology}, 
  title={Stochastic MPC With Learning for Driver-Predictive Vehicle Control and its Application to HEV Energy Management}, 
  year={2014}, 
  volume={22}, 
  number={3}, 
  pages={1018-1031}, 
  doi={10.1109/TCST.2013.2272179}, 
  ISSN={1063-6536}, 
  month={May},}



@article{JoeQin:2003,
  title = "A survey of industrial model predictive control technology",
  journal = "Control Engineering Practice",
  volume = "11",
  number = "7",
  pages = "733 - 764",
  year = "2003",
  issn = "0967-0661",
  doi = "https://doi.org/10.1016/S0967-0661(02)00186-7",
  url = "http://www.sciencedirect.com/science/article/pii/S0967066102001867",
  author = "S.Joe Qin and Thomas A. Badgwell"
}

@article{Tang:2016,
  author = {Tang, Xun and Rupp, Bradley and Yang, Yuguang and Edwards, Tara D. and Grover, Martha A. and Bevan, Michael A.},
  title = {Optimal Feedback Controlled Assembly of Perfect Crystals},
  journal = {ACS Nano},
  volume = {10},
  number = {7},
  pages = {6791-6798},
  year = {2016},
  doi = {10.1021/acsnano.6b02400},
  note ={PMID: 27387146}
}

@article{Holenda:2008,
  title = "Dissolved oxygen control of the activated sludge wastewater treatment process using model predictive control",
  journal = "Computers \& Chemical Engineering",
  volume = "32",
  number = "6",
  pages = "1270 - 1278",
  year = "2008",
  issn = "0098-1354",
  doi = "https://doi.org/10.1016/j.compchemeng.2007.06.008",
  url = "http://www.sciencedirect.com/science/article/pii/S009813540700155X",
  author = "B. Holenda and E. Domokos and \'{A}. R\'{e}dey and J. Fazakas"
}

@article{Lucia:2013,
  title = "Multi-stage nonlinear model predictive control applied to a semi-batch polymerization reactor under uncertainty",
  journal = "Journal of Process Control",
  volume = "23",
  number = "9",
  pages = "1306 - 1319",
  year = "2013",
  issn = "0959-1524",
  doi = "https://doi.org/10.1016/j.jprocont.2013.08.008",
  url = "http://www.sciencedirect.com/science/article/pii/S0959152413001686",
  author = "Sergio Lucia and Tiago Finkler and Sebastian Engell"
}


@article{Liu:2014, 
  author={D. {Liu} and Q. {Wei}}, 
  journal={IEEE Transactions on Neural Networks and Learning Systems}, 
  title={Policy Iteration Adaptive Dynamic Programming Algorithm for Discrete-Time Nonlinear Systems}, 
  year={2014}, 
  volume={25}, 
  number={3}, 
  pages={621-634},
  doi={10.1109/TNNLS.2013.2281663}, 
  ISSN={2162-237X}, 
  month={March},}

@Article{Mnih:2015,
  author={Mnih, Volodymyr and Kavukcuoglu, Koray and Silver, David and Rusu, Andrei A. and Veness, Joel and Bellemare, Marc G. and Graves, Alex and Riedmiller, Martin and Fidjeland, Andreas K. and Ostrovski, Georg and Petersen, Stig and Beattie, Charles and Sadik, Amir and Antonoglou, Ioannis and King, Helen and Kumaran, Dharshan and Wierstra, Daan and Legg, Shane and Hassabis, Demis},
  title={Human-level control through deep reinforcement learning},
  journal={Nature},
  year={2015},
  month={Feb},
  day={25},
  publisher={Nature Publishing Group, a division of Macmillan Publishers Limited. All Rights Reserved. SN  -},
  volume={518},
  pages={529},
}

@BOOK{Sutton:2018,
  TITLE={Reinforcement Learning},
  SUBTITLE={An Introduction},
  AUTHOR={Sutton, Richard and Barto, Andrew},
  YEAR={2018},
  EDITION={2nd},
  PUBLISHER={MIT Press},
}


@article{Mulas:2015,
  title = "Predictive control of an activated sludge process: An application to the Viikinmäki wastewater treatment plant",
  journal = "Journal of Process Control",
  volume = "35",
  pages = "89 - 100",
  year = "2015",
  issn = "0959-1524",
  doi = "https://doi.org/10.1016/j.jprocont.2015.08.005",
  url = "http://www.sciencedirect.com/science/article/pii/S0959152415001742",
  author = "Michela Mulas and Stefania Tronci and Francesco Corona and Henri Haimi and Paula Lindell and Mari Heinonen and Riku Vahala and Roberto Baratti"
}

@Article{Gupta:2012,
  author ="Gupta, Vinod Kumar and Ali, Imran and Saleh, Tawfik A. and Nayak, Arunima and Agarwal, Shilpi",
  title  ="Chemical treatment technologies for waste-water recycling—an overview",
  journal  ="RSC Adv.",
  year  ="2012",
  volume  ="2",
  issue  ="16",
  pages  ="6380-6388",
  publisher  ="The Royal Society of Chemistry",
  doi  ="10.1039/C2RA20340E"
}

@article{Heller:1978,
  author = {H. Craig Heller and Larry I. Crawshaw and Harold T. Hammel},
  journal = {Scientific American},
  number = {2},
  pages = {102--115},
  publisher = {Scientific American, a division of Nature America, Inc.},
  title = {The Thermostat of Vertebrate Animals},
  volume = {239},
  year = {1978}
}

@Article{Todorov:2002,
  author={Todorov, Emanuel and Jordan, Michael I.},
  title={Optimal feedback control as a theory of motor coordination},
  journal={Nature Neuroscience},
  year={2002},
  volume={5},
  number={11},
  pages={1226-1235},
  issn={1546-1726},
  doi={10.1038/nn963}
}


@BOOK{Bergman:2018,
  TITLE={Fundamentals of Heat and Mass Transfer},
  AUTHOR={Bergman, Theodore L. and Lavine, Adrienne S. and Incropera, Frank P. and DeWitt, David P.},
  YEAR={2017},
  EDITION={8th},
  PUBLISHER={Wiley}
}

@BOOK{Atkins:2011,
  TITLE={Physical Chemistry for the Life Sciences},
  AUTHOR={Atkins, Peter and de Paula, Julio},
  YEAR={2011},
  EDITION={2nd},
  PUBLISHER={W. H. Freeman}
}


@INPROCEEDINGS{Moore:1975, 
  author={B. C. {Moore}}, 
  booktitle={1975 IEEE Conference on Decision and Control including the 14th Symposium on Adaptive Processes}, 
  title={On the flexibility offered by state feedback in multivariable systems beyond closed loop eigenvalue assignment}, 
  year={1975}, 
  volume={}, 
  number={}, 
  pages={207-214}, 
  doi={10.1109/CDC.1975.270678}, 
  month={Dec}
}

@book{Franklin:2018,
  title={Feedback control of dynamic systems},
  author={Franklin, Gene F and Powell, J David and Emami-Naeini, Abbas and Powell, J David},
  edition={8th},
  year={2018},
  publisher={Pearson}
}


@article{Moler_VanLoan:2003,
  author = {Cleve Moler and Charles Van Loan},
  journal = {SIAM Review},
  number = {1},
  pages = {3--49},
  publisher = {Society for Industrial and Applied Mathematics},
  title = {Nineteen Dubious Ways to Compute the Exponential of a Matrix, Twenty-Five Years Later},
  volume = {45},
  year = {2003}
}

@article{Horn:1972,
  title={General mass action kinetics},
  author={Horn, Fritz and Jackson, Roy},
  journal={Archive for rational mechanics and analysis},
  volume={47},
  number={2},
  pages={81--116},
  year={1972},
  publisher={Springer}
}

@book{Vidyasagar:2002,
  title={Nonlinear systems analysis},
  author={Vidyasagar, Mathukumalli},
  volume={42},
  year={2002},
  publisher={SIAM}
}

@article{VanDeVusse:1964,
  title={Plug-flow type reactor versus tank reactor},
  author={Van de Vusse, JG},
  journal={Chemical Engineering Science},
  volume={19},
  number={12},
  pages={994--996},
  year={1964},
  publisher={Elsevier}
}

@book{Atiyah:2018,
  title={Introduction to commutative algebra},
  author={Atiyah, Michael},
  year={2018},
  publisher={CRC Press}
}

@book{Chen:1998,
  title={Linear System Theory and Design},
  author={Chen, Chi-Tsong},
  year={1998},
  publisher={Oxford University Press}
}

@BOOK{Moore:1990,
  TITLE={Optimal Control},
  SUBTITLE={Linear Quadratic Methods},
  AUTHOR={Anderson, D. O. Brian and Moore, John B.},
  YEAR={1990},
  EDITION={},
  PUBLISHER={Prentice-Hall},
}

@BOOK{Liberzon:2012,
  TITLE={Calculus of Variations and Optimal Control Theory},
  SUBTITLE={A Concise Introduction},
  AUTHOR={Daniel Liberzon},
  YEAR={2012},
  EDITION={},
  PUBLISHER={Princeton University Press},
}

@BOOK{Kirk:1998,
  TITLE={Optimal Control Theory},
  SUBTITLE={An Introduction},
  AUTHOR={Donald E. Kirk},
  YEAR={1998},
  EDITION={},
  PUBLISHER={Prentice-Hall}
}

@BOOK{Bertsekas:2017,
  TITLE={Dynamic Programming and Optimal Control},
  SUBTITLE={},
  AUTHOR={Dimitri P. Bertsekas},
  YEAR={2017},
  VOLUME={I},
  EDITION={4},
  PUBLISHER={Athena Scientific}
}

@article{Bellman:1954,
  author = "Bellman, Richard",
  fjournal = "Bulletin of the American Mathematical Society",
  journal = "Bull. Amer. Math. Soc.",
  month = "11",
  number = "6",
  pages = "503--515",
  publisher = "American Mathematical Society",
  title = "The theory of dynamic programming",
  volume = "60",
  year = "1954"
}

@ARTICLE{Bryson:1996, 
  author={A. E. {Bryson}}, 
  journal={IEEE Control Systems Magazine}, 
  title={Optimal control-1950 to 1985}, 
  year={1996}, 
  volume={16}, 
  number={3}, 
  pages={26-33}, 
  doi={10.1109/37.506395}, 
  ISSN={1066-033X}, 
  month={June}
}

@book{Boyd:2004,
  title={Convex Optimization},
  author={Boyd, Stephen and Vandenberghe, Lieven},
  year={2004},
  publisher={Cambridge University Press}
}


@BOOK{Nise:2015,
  TITLE={Control Systems Engineering},
  AUTHOR={Nise, Norman S.},
  YEAR={2015},
  EDITION={7th},
  PUBLISHER={Wiley},
}

@book{Horn:2012,
  title={Matrix analysis},
  author={Horn, Roger A and Johnson, Charles R},
  year={2012},
  publisher={Cambridge University Press}
}

@article{Opanuga:2015,
  title={A novel approach for solving quadratic Riccati differential equations},
  author={Opanuga, Abiodun A and Edeki, SundayO and Okagbue, Hilary I and Akinlabi, GraceO},
  journal={International Journal of Applied Engineering Research},
  volume={10},
  number={11},
  pages={29121--29126},
  year={2015},
  publisher={Research India Publications}
}

@ARTICLE{Davison:1973, 
  author={E. {Davison} and M. {Maki}}, 
  journal={IEEE Transactions on Automatic Control}, 
  title={The numerical solution of the matrix Riccati differential equation}, 
  year={1973}, 
  volume={18}, 
  number={1}, 
  pages={71-73}, 
  doi={10.1109/TAC.1973.1100210}, 
  ISSN={0018-9286}, 
  month={February},
}

@article{Khalil:2005,
  title = "A note on the robustness of high-gain-observer-based controllers to unmodeled actuator and sensor dynamics",
  journal = "Automatica",
  volume = "41",
  number = "10",
  pages = "1821 - 1824",
  year = "2005",
  issn = "0005-1098",
  doi = "https://doi.org/10.1016/j.automatica.2005.04.008",
  author = "Hassan K. Khalil"
}

@article{Mahmoud:2002,
  title = "Robustness of high-gain observer-based nonlinear controllers to unmodeled actuators and sensors",
  journal = "Automatica",
  volume = "38",
  number = "2",
  pages = "361 - 369",
  year = "2002",
  issn = "0005-1098",
  doi = "https://doi.org/10.1016/S0005-1098(01)00253-9",
  author = "Magdi S. Mahmoud and Hassan K. Khalil",
}

@book{Strang:2016,
  title={Introduction to linear algebra},
  author={Strang, Gilbert},
  volume={5},
  year={2016},
  publisher={Wellesley-Cambridge Press}
}

@inproceedings{Kalman:1960,
  title={On the general theory of control systems},
  author={Kalman, Rudolf E},
  booktitle={Proceedings First International Conference on Automatic Control, Moscow, USSR},
  year={1960}
}

@article{Bode:1945,
  title={Network analysis and feedback amplifier design},
  author={Bode, Hendrik W},
  year={1945},
  publisher={van Nostrand New York}
}

@article{Nyquist:1932,
  title={Regeneration theory},
  author={Nyquist, Harry},
  journal={Bell system technical journal},
  volume={11},
  number={1},
  pages={126--147},
  year={1932},
  publisher={Wiley Online Library}
}

@book{Rasmussen:2006,
  title={Gaussian Processes for Machine Learning},
  author={Rasmussen, Carl Edward and Williams, Christopher K. I.},
  year={2006},
  publisher={The MIT Press}
}

@book{Sheldon:2010,
  title={A first course in probability},
  author={Ross, Sheldon M.},
  year={2010},
  publisher={Pearson}
}

@book{Stratonovich:1968,
  title={Conditional Markov Processes and Their Application to the Theory of Optimal Control},
  author={Stratonovich, R. L.},
  year={1968},
  publisher={American Elsevier Publisher}
}

@book{Sarkka:2013,
 author = {S\"{a}rkk\"{a}, Simo},
 title = {Bayesian Filtering and Smoothing},
 year = {2013},
 isbn = {1107619289, 9781107619289},
 publisher = {Cambridge University Press},
 address = {New York, NY, USA},
} 

@article{KalmanF:1960,
  title={A new approach to linear filtering and prediction problems},
  author={Kalman, Rudolph Emil},
  journal={Journal of basic Engineering},
  volume={82},
  number={1},
  pages={35--45},
  year={1960},
  publisher={American Society of Mechanical Engineers}
}

@book{Crassidis:2011,
 author = {Crassidis, John L. and Junkins, John L.},
 title = {Optimal Estimation of Dynamic Systems},
 year = {2011},
 isbn = {1439839859, 9781439839850},
 edition = {2nd},
 publisher = {Chapman \& Hall/CRC},
} 

@article{Doyle:1978,
  title={Guaranteed margins for LQG regulators},
  author={Doyle, John C},
  journal={IEEE Transactions on automatic Control},
  volume={23},
  number={4},
  pages={756--757},
  year={1978},
  publisher={IEEE}
}

@book{MATLAB:2018,
  year = {2018},
  author = {MATLAB},
  title = {version 9.5.0 (R2018b)},
  publisher = {The MathWorks Inc.},
  address = {Natick, Massachusetts}
}

@article{Klatt:1998,
  title={Gain-scheduling trajectory control of a continuous stirred tank reactor},
  author={Klatt, K-U and Engell, S},
  journal={Computers \& Chemical Engineering},
  volume={22},
  number={4-5},
  pages={491--502},
  year={1998},
  publisher={Elsevier}
}

@book{Barber:2012,
  title={Bayesian reasoning and machine learning},
  author={Barber, David},
  year={2012},
  publisher={Cambridge University Press}
}